%!TEX root = ../thesis.tex

%@inproceedings{bonnet2013complexity,
%  title={On the complexity of trick-taking card games},
%  author={Bonnet, {\'E}douard and Jamain, Florian and Saffidine, Abdallah},
%  booktitle={Proceedings of the Twenty-Third international joint conference on Artificial Intelligence},
%  pages={482--488},
%  year={2013},
%  organization={AAAI Press}
%}
%@BOOK{isko2011,
%  editor={{Deutscher Skatverband e.V.}},
%  title={Internationale Skatordnung},
%  publisher={},
%  year={2010},
%  address={Altenburg}
%}
%
%@incollection{de2009satisfiability,
%  title={Satisfiability modulo theories: An appetizer},
%  author={De Moura, Leonardo and Bj{\o}rner, Nikolaj},
%  booktitle={Formal Methods: Foundations and Applications},
%  pages={23--36},
%  year={2009},
%  publisher={Springer}
%}
%
%
%@online{Rui2013,
%	AUTHOR = {Rui, Wolfgang},
%	YEAR = {2013},
%	TITLE = {Besser Skat spielen},
%	EDITION = {2. Aufl.},
%	url={http://www.skat-extra.de/assets/applets/besser-Skat-spielen-V2.pdf},
%	urldate={2015-05-29},
%}
%
%
%@article{campbell2002deep,
%  title={Deep blue},
%  author={Campbell, Murray and Hoane, A Joseph and Hsu, Feng-hsiung},
%  journal={Artificial intelligence},
%  volume={134},
%  number={1},
%  pages={57--83},
%  year={2002},
%  publisher={Elsevier}
%}


@online{PDC2016,
	AUTHOR = {PDC},
	YEAR = {2016},
	TITLE = {World Championship Field Confirmed},
	url={http://www.pdc.tv/news/article/13w8az1frtwup19j2be2la9m53/title/preliminary-round-draw-made},
	urldate={2017-01-02},
}

@BOOK{dph2015,
  author={Dr. Gutschreiter, Bernhard},
  title={Dart Player's Handbook},
  publisher={Stiebner Verlag GmbH},
  year={2015},
}
@BOOK{GaOn2016,
  author={Paulke, Elmar},
  title={Game on!: Die verr√ºckte Welt des Darts},
  publisher={Edel Germany GmbH},
  year={2016},
  address={Hamburg}
}
@incollection{Zhang2000,
  editor={Gerard Medioni, Sing Bing Kang},
  title={Camera Calibration},
  author={Zhengyou, Zhang},
  booktitle={Emerging Topics in Computer Vision},
  pages={5--40},
  year={2004},
  publisher={Prentice Hall PTR},
  url={http://people.inf.ethz.ch/pomarc/pubs/KangMedioniBook.pdf},
  urldate={2017-01-02}
}
@book{Medioni:2004:ETC:993884,
 author = {Medioni, Gerard and Kang, Sing Bing},
 title = {Emerging Topics in Computer Vision},
 year = {2004},
 isbn = {0131013661},
 publisher = {Prentice Hall PTR},
 address = {Upper Saddle River, NJ, USA},
 url={http://people.inf.ethz.ch/pomarc/pubs/KangMedioniBook.pdf},
 urldate={2017-01-02}
} 

@online{OpencvCamera2016,
	AUTHOR = {opencv dev team.},
	YEAR = {2016},
	TITLE = {Camera Calibration and 3D Reconstruction
},
	url={http://docs.opencv.org/2.4/modules/calib3d/doc/camera_calibration_and_3d_reconstruction.html},
	urldate={2017-01-02},
}
http://docs.opencv.org/2.4/modules/calib3d/doc/camera_calibration_and_3d_reconstruction.html

